
@misc{SearchEngines,
  title = {{I}nformation {R}etrieval {i}n {P}ractice},
  date = {2015},
  howpublished = {http://ciir.cs.umass.edu/downloads/SEIRiP.pdf},
  url={http://ciir.cs.umass.edu/downloads/SEIRiP.pdf},
  note = {Accessed: 2017-10-10}
}


@misc{Hits,
  title={{H}its},
  date = {2014},
  howpublished ={https://networkx.github.io/documentation/networkx-1.9.1/reference/generated/networkx.algorithms.link\_analysis.hits\_alg.hits.ht},
  url={https://networkx.github.io/documentation/networkx-1.9.1/reference/generated/networkx.algorithms.link\_analysis.hits\_Salg.hits.html},
  note = {Accessed: 2017-12-14}
}

@misc{PageRank,
  title={{P}ageRank},
  date = {2014},
  howpublished ={hhttps://networkx.github.io/documentation/networkx-1.10/reference/generated/networkx.algorithms.link\_analysis.pagerank\_alg.pagerank.html},
  url={https://networkx.github.io/documentation/networkx-1.10/reference/generated/networkx.algorithms.link\_analysis.pagerank\_alg.pagerank.htm},
  note = {Accessed: 2017-12-14}
}


@misc{DistributedInformationRetrieval},
  title= {{D}istributed {I}nformation {R}etrieval},
  date = {2002},
  howpublished = {http://citeseerx.ist.psu.edu/viewdoc/download;jsessionid=C6B35EBD6A97D1EC04B798EC6262A34C?doi=10.1.1.141.6145&rep=rep1&type=pdf},
  url={http://citeseerx.ist.psu.edu/viewdoc/download;jsessionid=C6B35EBD6A97D1EC04B798EC6262A34C?doi=10.1.1.141.6145&rep=rep1&type=pdf},
  note = {Accessed: 2017-12-13}
}

\

@misc{GithubGist,
  title={{G}ithubGist},
  date = {2012},
  howpublished = {https://gist.github.com/bwhite/3726239},
  url={https://gist.github.com/bwhite/3726239},
  note = {Accessed: 2017-12-03}
}



@misc{LectureSlides,
  title={{E}valuation},
  date = {2013},
  howpublished = {http://www.cs.sfu.ca/CourseCentral/456/jpei/web%20slides/L19%20-%20Evaluation.pdf},
  url={http://www.cs.sfu.ca/CourseCentral/456/jpei/web%20slides/L19%20-%20Evaluation.pdf},
  note = {Accessed: 2017-12-03}
}

@misc{Quora,
  title={{Q}uora},
  date = {2016},
  howpublished = {https://www.quora.com/What-are-industry-applications-of-the-K-nearest
  -neighbor-algorithm},
  url={https://www.quora.com/What-are-industry-applications-of-the-K-nearest-neighbor-algorithm},
  note = {Accessed: 2017-12-03}
}






