@online{pciBook,
 author = {{B}ruce {C}roft, {D}onald {M}etzler, {T}revor {S}trohman} 
 title = {{I}nformation {R}etrieval {I}n {P}ractice},
 year = 2015,
 url = {http://ciir.cs.umass.edu/irbook/},
 
}

@misc{aimm,
  title={{A}iim},
  date = {2017},
  howpublished = {http://www.aiim.org/What-is-Enterprise-Search\#},
  url={http://www.aiim.org/What-is-Enterprise-Search\#},
  note = {Accessed: 2017-20-09}
}

@misc{aimm,
  title={{E}mpathy{B}roker},
  date = {2015},
  howpublished = {https://www.empathybroker.com/what-is-site-search/},
  url={https://www.empathybroker.com/what-is-site-search/},
  note = {Accessed: 2017-20-09}
}
