
@misc{SearchEngines,
  title = {{I}nformation {R}etrieval {i}n {P}ractice},
  date = {2015},
  howpublished = {http://bl.ocks.org/majetisiri/316e3a1537b469154779},
  url = {http://bl.ocks.org/majetisiri/316e3a1537b469154779},
  note = {Accessed: 2017-10-10}
}

@misc{Justext,
  title={{J}ustext},
  date = {2017},
  howpublished = {https://pypi.python.org/pypi/jusText/2.1.1},
  url={https://pypi.python.org/pypi/jusText/2.1.1},
  note = {Accessed: 2017-10-10}
}

@misc{CountVectorizer,
  title={{C}ountVectorizer},
  date = {2017},
  howpublished = {http://scikit\-learn.org/stable/modules/feature\_extraction.html},
  url={http://scikit\-learn.org/stable/modules/feature\_extraction.html},
  note = {Accessed: 2017-10-10}
}

@misc{PorterStemmer,
  title={{P}orterStemmer},
  date = {2012},
  howpublished = {https://pypi.python.org/pypi/PorterStemmer},
  url={https://pypi.python.org/pypi/PorterStemmer},
  note = {Accessed: 2017-10-10}
}

@misc{CountVectorizer,
  title={{K}rovetzStemmer},
  date = {2017},
  howpublished = {https://pypi.python.org/pypi/KrovetzStemmer},
  url={https://pypi.python.org/pypi/KrovetzStemmer},
  note = {Accessed: 2017-10-10}
}





