
@misc{SearchEngines,
  title = {{I}nformation {R}etrieval {i}n {P}ractice},
  date = {2015},
  howpublished = {http://ciir.cs.umass.edu/downloads/SEIRiP.pdf},
  url={http://ciir.cs.umass.edu/downloads/SEIRiP.pdf},
  note = {Accessed: 2017-10-10}
}

@misc{CountVectorizer,
  title={{C}ountVectorizer},
  date = {2017},
  howpublished = {http://scikit\-learn.org/stable/modules/feature\_extraction.html},
  url={http://scikit\-learn.org/stable/modules/feature\_extraction.html},
  note = {Accessed: 2017-10-10}
}


@misc{QueryLikelihoodModel,
  title={{Q}uery Likelihood Model},
  date = {2016},
  howpublished = {https://en.wikipedia.org/wiki/Query\_likelihood\_model},
  url={https://en.wikipedia.org/wiki/Query\_likelihood\_model},
  note = {Accessed: 2017-11-05}
}

@misc{Wikipidia,
  title={{J}accard index},
  date = {2017},
  howpublished = {https://en.wikipedia.org/wiki/Multiset},
  url={https://en.wikipedia.org/wiki/Multiset},
  note = {Accessed: 2017-11-05}
}

@misc{Wikipidia,
  title={{M}ultiset},
  date = {2017},
  howpublished = {https://en.wikipedia.org/wiki/Jaccard_index},
  url={https://en.wikipedia.org/wiki/Jaccard_index},
  note = {Accessed: 2017-11-05}
}



@misc{MulticlassSVMs,
  title={{M}ulticlas {S}{V}{M}s},
  date = {2008},
  howpublished = {https://nlp.stanford.edu/IR-book/html/htmledition/multiclass-svms-1.html},
  url={https://nlp.stanford.edu/IR-book/html/htmledition/multiclass-svms-1.html},
  note = {Accessed: 2017-12-03}
}

@misc{Youtube,
  title={{Y}outube},
  date = {2013},
  howpublished = {https://www.youtube.com/watch?v=WVkD-jURBDg http://weka.sourceforge.net/doc.dev/weka/classifiers/functions/SMO.html},
  url={https://www.youtube.com/watch?v=WVkD-jURBDg http://weka.sourceforge.net/doc.dev/weka/classifiers/functions/SMO.html},
  note = {Accessed: 2017-12-03}
}

@misc{AgglomerativeHierarchicalClustering,
  title={{A}gglomerative {H}ierarchical {C}lustering},
  date = {2017},
  howpublished = {https://onlinecourses.science.psu.edu/stat505/node/143},
  url={https://onlinecourses.science.psu.edu/stat505/node/143},
  note = {Accessed: 2017-12-03}
}

@misc{GithubGist,
  title={{G}ithubGist},
  date = {2012},
  howpublished = {https://gist.github.com/bwhite/3726239},
  url={https://gist.github.com/bwhite/3726239},
  note = {Accessed: 2017-12-03}
}

@misc{LectureSlides,
  title={{I}nfornation {R}etrieval {E}valuation},
  date = {2013},
  howpublished = {http://www.stanford.edu/class/cs276/handouts/EvaluationNew-handout-6-per.pdf},
  url={http://www.stanford.edu/class/cs276/handouts/EvaluationNew-handout-6-per.pdf},
  note = {Accessed: 2017-12-03}
}

@misc{LectureSlides,
  title={{E}valuation},
  date = {2013},
  howpublished = {http://www.cs.sfu.ca/CourseCentral/456/jpei/web%20slides/L19%20-%20Evaluation.pdf},
  url={http://www.cs.sfu.ca/CourseCentral/456/jpei/web%20slides/L19%20-%20Evaluation.pdf},
  note = {Accessed: 2017-12-03}
}

@misc{Quora,
  title={{Q}uora},
  date = {2016},
  howpublished = {https://www.quora.com/What-are-industry-applications-of-the-K-nearest-neighbor-algorithm},
  url={https://www.quora.com/What-are-industry-applications-of-the-K-nearest-neighbor-algorithm},
  note = {Accessed: 2017-12-03}
}






