
@misc{SearchEngines,
  title = {{I}nformation {R}etrieval {i}n {P}ractice},
  date = {2015},
  howpublished = {http://ciir.cs.umass.edu/downloads/SEIRiP.pdf},
  url={http://ciir.cs.umass.edu/downloads/SEIRiP.pdf},
  note = {Accessed: 2017-10-10}
}

@misc{Justext,
  title={{J}ustext},
  date = {2017},
  howpublished = {https://pypi.python.org/pypi/jusText/2.1.1},
  url={https://pypi.python.org/pypi/jusText/2.1.1},
  note = {Accessed: 2017-10-10}
}

@misc{CountVectorizer,
  title={{C}ountVectorizer},
  date = {2017},
  howpublished = {http://scikit\-learn.org/stable/modules/feature\_extraction.html},
  url={http://scikit\-learn.org/stable/modules/feature\_extraction.html},
  note = {Accessed: 2017-10-10}
}

@misc{PorterStemmer,
  title={{P}orterStemmer},
  date = {2012},
  howpublished = {https://pypi.python.org/pypi/PorterStemmer},
  url={https://pypi.python.org/pypi/PorterStemmer},
  note = {Accessed: 2017-10-10}
}

@misc{LectureSlide,
  title={{L}ectureSlide},
  date = {2017},
  howpublished = {https://raw.githubusercontent.com/phonedude/cs834-f17/},
  url={https://raw.githubusercontent.com/phonedude/cs834-f17/},
  note = {Accessed: 2017-11-05}
}

@misc{LanguageModeling,
  title={{L}anguage {M}odeling},
  date = {2017},
  howpublished = {https://web.stanford.edu/class/cs124/lec/languagemodeling.pdf},
  url={https://web.stanford.edu/class/cs124/lec/languagemodeling.pdf},
  note = {Accessed: 2017-11-05}
}

@misc{QueryLikelihoodModel,
  title={{Q}uery Likelihood Model},
  date = {2016},
  howpublished = {https://en.wikipedia.org/wiki/Query\_likelihood\_model},
  url={https://en.wikipedia.org/wiki/Query\_likelihood\_model},
  note = {Accessed: 2017-11-05}
}

@misc{BigramLanguageModel,
  title={{B}igram {L}anguage {M}odel},
  date = {2016},
  howpublished = {http://www.phontron.com/slides/nlp-programming-en-02-bigramlm.pdf},
  url={http://www.phontron.com/slides/nlp-programming-en-02-bigramlm.pdf},
  note = {Accessed: 2017-11-05}
}

@misc{Wikipidia,
  title={{J}accard index},
  date = {2017},
  howpublished = {https://en.wikipedia.org/wiki/Multiset},
  url={https://en.wikipedia.org/wiki/Multiset},
  note = {Accessed: 2017-11-05}
}

@misc{Wikipidia,
  title={{M}ultiset},
  date = {2017},
  howpublished = {https://en.wikipedia.org/wiki/Jaccard_index},
  url={https://en.wikipedia.org/wiki/Jaccard_index},
  note = {Accessed: 2017-11-05}
}






